@ONLINE{BraKet,
  author = {Wikipedia},
  title = {Bra–ket notation},
  url = {http://en.wikipedia.org/wiki/Bra–ket_notation/}
}